<record><leader>00000cas a22000007a 4500</leader><controlfield tag="001">10989984</controlfield><controlfield tag="008">840726d18661881inuwr ne      0    0eng d</controlfield><datafield ind1=" " ind2=" " tag="010"><subfield code="a">sn 84027279 </subfield></datafield><datafield ind1=" " ind2=" " tag="040"><subfield code="a">NPU</subfield><subfield code="b">eng</subfield><subfield code="c">NPU</subfield><subfield code="d">NPX</subfield><subfield code="d">NPI</subfield><subfield code="d">OCLCQ</subfield></datafield><datafield ind1=" " ind2=" " tag="042"><subfield code="a">msc</subfield></datafield><datafield ind1="0" ind2=" " tag="130"><subfield code="a">Boonville weekly enquirer (Boonville, Ind. : 1866)</subfield></datafield><datafield ind1="1" ind2="0" tag="245"><subfield code="a">Boonville weekly enquirer.</subfield></datafield><datafield ind1=" " ind2=" " tag="260"><subfield code="a">Boonville, Ind. :</subfield><subfield code="b">Moore &amp; Crawford,</subfield><subfield code="c">-1881.</subfield></datafield><datafield ind1=" " ind2=" " tag="300"><subfield code="a">v ;</subfield><subfield code="c">64 cm.</subfield></datafield><datafield ind1=" " ind2=" " tag="310"><subfield code="a">Weekly</subfield></datafield><datafield ind1="0" ind2=" " tag="362"><subfield code="a">-v. 18, no. 11 (Mar. 19, 1881).</subfield></datafield><datafield ind1=" " ind2=" " tag="588"><subfield code="a">Description based on: Vol. 3, no. 6 (Feb. 7, 1866).</subfield></datafield><datafield ind1=" " ind2=" " tag="752"><subfield code="a">United States</subfield><subfield code="b">Indiana</subfield><subfield code="c">Warrick</subfield><subfield code="d">Boonville.</subfield></datafield><datafield ind1="0" ind2="0" tag="780"><subfield code="t">Boonville enquirer</subfield><subfield code="w">(DLC)sn 95067517</subfield></datafield><datafield ind1="0" ind2="0" tag="785"><subfield code="t">Boonville enquirer (Boonville, Ind. : 1881)</subfield><subfield code="w">(DLC)sn 86059043</subfield></datafield></record>